@Misc{atmega16,
title = "{ATMega16 Datasheet}",
author = "ATMEL Corporation",
month = "august",
year = 2007,
note = "Rev 2466P",
howpublished = {\url{http://www.atmel.com/dyn/resources/prod_documents/doc2466.pdf}}
}

@Misc{kvartbolgetriks,
title = "{Quarter-wave tricks}",
month  = "november",
year = 2008,
howpublished = {\url{http://www.microwaves101.com/encyclopedia/quarterwave.cfm}}
}

@Misc{SPI-bussen,
title = "{Serial Peripheral Interface Bus}",
author = "Wikipedia",
howpublished = {\url{http://en.wikipedia.org/wiki/Serial_Peripheral_Interface_Bus}}
}

@Misc{I2C-bussen,
title = "{I$^{2}$C}",
author = "Wikipedia",
howpublished = {\url{http://en.wikipedia.org/wiki/Serial_Peripheral_Interface_Bus}}
}

@Misc{NMEArefman,
title = "{NMEA Reference Manual}",
author = "SiRF Technology Inc",
month = "desember",
year = "2007",
note = "Rev 2.1",
howpublished = {\url{http://www.micro-modular.com/docs/AddlRsrc/NMEA%20Reference%20Manual-Rev2.1-Dec07.pdf}}
}

@Misc{MN5010HS-design-guide,
title = "{MN5010HS Design Guidelines}",
author = "Micro Modular Technologies Pte. Ltd.",
month = "august",
year = "2005",
howpublished = {\url{http://www.micro-modular.com/docs/MN5010HS/MN5010HS_DG_090129.pdf}}
}

@Misc{MN5010HS-datasheet,
title = "{MN5010HS GPS Receiver Module}",
author = "Micro Modular Technologies Pte. Ltd.",
month = "august",
year = "2005",
howpublished = {\url{http://www.micro-modular.com/docs/MN5010HS/MN5010HS_DS_090129.pdf}}
}

@Misc{mikrostripekalk,
title = "{Microstrip Analysis/Synthesis Calculator}",
author = "Dan McMahill",
month = "august",
year = "2002",
howpublished = {\url{http://mcalc.sourceforge.net/}}
}

@Misc{hch1000,
title = "{HCH-1000 Series Datasheet, Capacitive Humidity Sensor}",
author = "{Honeywell S\&C}",
month = "juli",
year = 2007,
howpublished = {\url{http://www.farnell.com/datasheets/34209.pdf}}
}

@Misc{bt,
title = "{2.2K3A1B Series 1 BetaCurve Bare leaded Thermistors}",
author = "{BetaTherm Sensors}",
howpublished = {\url{http://www.farnell.com/datasheets/31654.pdf}}
}

@Misc{bt-curves,
title = "{NTC Thermistor RT curves}",
author = "{BetaTherm Sensors}",
howpublished = {\url{www.beta.dk/betathermkatalog/rtkarakteristik.pdf}}
}

@Misc{smdtherm,
title = "{Surface Mount, NTC Thermistors}",
author = "{Vishay BComponents}",
month = "mai",
year = 2006,
note = "Rev 5",
howpublished = {\url{http://www.farnell.com/datasheets/18218.pdf}}
}

@Misc{accl,
title = "{Surface Mount Micromachined Accelerometer}",
author = "{Freescale Semiconductor}",
month = "mai",
year = 2006,
note = "Rev 5",
howpublished = {\url{http://www.farnell.com/datasheets/37663.pdf}}
}

@Misc{pressure,
title = "{MPXAZ6115A Integrated Silicon Pressure Sensor}",
author = "{Freescale Semiconductor}",
month = "juni",
year = 2004,
note = "Rev 1",
howpublished = {\url{http://www.freescale.com/files/sensors/doc/data_sheet/MPXAZ6115A.pdf}}
}
@Misc{analog-hs-ls,
title = "{Understand low-side vs. high-side current sensing}",
author = "{Arpit Mehta, Maxim Integrated Products}",
month = "februar",
year = 2009,
howpublished = {\url{http://www.analog-europe.com/howto/215801634}}
}

@Misc{maxim-hs-circuit,
title = "{High-Side Current-Sense Measurement: Circuits and Principles}",
author = "{Maxim Integrated Products}",
month = "november",
year = 2001,
howpublished = {\url{http://www.maxim-ic.com/appnotes.cfm/an_pk/746/}}
}

@Misc{ti-current-shunt,
title = "{A dual-polarity, bidirectional current shunt monitor}",
author = "{Thomas Kuehl, Texas Instruments}",
month = "oktober",
year = 2008,
howpublished = {\url{http://focus.ti.com/lit/an/slyt311/slyt311.pdf}}
}

@Misc{avrfreaks-adc,
title = "{Using the Built-in ADC in AVR}",
author = "{AVRFreaks}",
month = "juni",
year = 2002,
howpublished = {\url{http://www.avrfreaks.net/modules/FreaksFiles/files/383/DN_021.pdf}}
}

@Misc{atmega128,
title = "{ATMega128 Datasheet}",
author = "{ATMEL Corporation}",
month = "juni",
year = 2008,
note = "Rev 2467R",
howpublished = {\url{http://www.avrfreaks.net/modules/FreaksFiles/files/383/DN_021.pdf}}
}

@Misc{maxim-lin-reg,
title = "{Linear Regulators in Portable Applications}",
author = "{Maxim Integrated Products}",
month = "juli",
year = 2002,
howpublished = {\url{http://www.maxim-ic.com/appnotes.cfm/an_pk/751}}
}

@Misc{national-reg-fund,
title = "{Linear and Switching Voltage Regulator Fundamentals}",
author = "{Chester Simpson, National Semiconductor}",
month = "juli",
year = 2002,
howpublished = {\url{http://www.national.com/appinfo/power/files/f4.pdf} og \url{http://www.national.com/appinfo/power/files/f5.pdf}}
}

@Misc{dosonchip-ds,
title = "{DOSonCHip Datasheet}",
author = "{Wearable Inc.}",
month = "april",
year = 2009,
howpublished = {\url{http://dosonchip.com/support/assets/DOSonCHIP_CD17B10_Datasheet.pdf}}
}

@Misc{tsop348-ds,
title = "{IR Receiver Modules for Remote Control Systems}",
author = "{Vishay Semiconductors}",
month = "januar",
year = 2009,
howpublished = {\url{http://www.vishay.com/docs/81732/tsop348.pdf}}
}

@Misc{lp2985-ds,
title = "{LP2985 Datasheet}",
author = "{National Semiconductor}",
month = "juli",
year = 2007,
howpublished = {\url{http://www.national.com/ds/LP/LP2985.pdf}}
}

@Misc{ina193-ds,
title = "{INA193 Datasheet}",
author = "{Burr-Brown from Texas Instruments}",
month = "august",
year = 2006,
howpublished = {\url{http://focus.ti.com/lit/ds/symlink/ina193.pdf}}
}

@Misc{ft232r-ds,
title = "{FT232R USB UART IC Datasheet}",
author = "{Future Technology Devices International Ltd.}",
year = 2008,
note = "Rev 2.01",
howpublished = {\url{http://www.ftdichip.com/Documents/DataSheets/DS_FT232R.pdf}}
}

@Misc{led-ds,
title = "{SML-210 0805 LED Datasheet}",
author = "{ROHM Semiconductor}",
year = 2007,
note = "Rev D",
howpublished = {\url{http://www.rohm.com/products/databook/led/pdf/sml-210.pdf}}
}

@Misc{molex-ds,
title = "{1.25mm PitchPicoBlade Wire-to-Board Header}",
author = "{Molex}",
year = 2007,
note = "Rev A-52",
howpublished = {\url{http://www.molex.com/catalog/pdf/MX53261.pdf}}
}

@Misc{AD8345,
title = "{140 MHz to 1000 MHz Quadrature Modulator, AD8345}",
author = "{Analog Devices}",
month = "februar",
year = 2005,
note = "Rev A",
howpublished = {\url{http://www.analog.com/static/imported-files/data_sheets/AD8345.pdf}}
}

@Misc{ERC,
title = "{ERC RECOMMENDATION 70-03}",
author = "{European Radiocommunications Office}",
month = "april",
year = 2009,
note = "Rev",
howpublished = {\url{http://www.erodocdb.dk/Docs/doc98/official/pdf/REC7003E.PDF}}
}

@Misc{Bolgeutbredelse,
title = "{Forelesningsnotat: Bølgeutbredelse}",
author = "{Stein Øvstedal}",
}

@Misc{Satelittkomm,
title = "{Forelesningsnotat: Satellittkommunikasjon}",
author = "{Stein Øvstedal}",
}

@Misc{Frekvenssyntese,
title = "{Forelesningsnotat: Frekvenssyntese}",
author = "{Stein Øvstedal}",
}
@Book {ELcom,
author = {Dennis Roddy, John Coolen},
title = {Electronic comminications},
publisher = {Prentice Hall},
year = {1995},
}

@Misc{quadmod,
title = "{Fundamentals of Digital Quadrature Modulation}",
author = "{Ken Gentile}",
month = "februar",
year = 2009,
note = "Rev",
howpublished = {\url{http://www.rfengineer.net/fundamentals-of-digital-quadrature-modulation/}}
}

@Misc{Microstrip,
title = "{Microstrip calculator}",
author = "{Microwaves101}",
howpublished = {\url{http://www.microwaves101.com/encyclopedia/calmstrip.cfm}}
}

@Misc{CansatTX,
title = "{Technical Note Cansat TX}",
author = "{Steffen Kirknes}",
month = "mars",
year = 2009,
note = "Rev 2",
}

@Misc{Splitter,
title = "{Power Splitter/Combiner, QCN-12AD}",
author = "{Mini-Circuits}",
month = "juni",
year = 2004,
note = "Rev 1",
howpublished = {\url{http://www.minicircuits.com/products/psc_sm_2_90.html}}
}

@Misc{ATMega168,
title = "{ATMega168 Datasheet}",
author = "{Atmel Corporation}",
month = "juni",
year = 2009,
note = "Rev 1",
howpublished = {\url{http://www.atmel.com/dyn/resources/prod_documents/doc2545.pdf}}
}

@Misc{EMI-filter,
title = "{EMI-filter}",
author = "{Murata}",
month = "mars",
year = 2005,
note = "Rev 1",
howpublished = {\url{http://search.murata.co.jp/Ceramy/image/img/PDF/ENG/L0111S0109NFM21C.pdf}}
}

@Misc{RFfilter,
title = "{Low Pass Filter, LFCN-900}",
author = "{Mini-Circuits}",
month = "mars",
year = 2009,
note = "Rev E",
howpublished = {\url{http://www.minicircuits.com/cgi-bin/modelsearch?model=LFCN-900&x=0&y=0}}
}

@Misc{REG113,
title = "{Low-Dropout Regulator REG113}",
author = "{Texas Instruments}",
month = "mars",
year = 2005,
note = "Rev E",
howpublished = {\url{http://www.datasheetcatalog.org/datasheets/270/351988_DS.pdf}}
}

@Misc{ALM-1522,
title = "{Low Noise, High Gain, High Linearity, Balanced Amplifier Module, ALM-1522}",
author = "{Avago}",
month = "februar",
year = 2009,
note = "Rev E",
howpublished = {\url{http://www.avagotech.com/pages/en/rf_ics_discretes/rf_ics/gaas_amplifiers_mixers_switches/alm-1522}}
}

@Misc{ADF4360-7,
title = "{Integrated Synthesizer and VCO, ADF4360-7}",
author = "{Analog Devices,}",
month = "september",
year = 2005,
note = "Rev A",
howpublished = {\url{http://www.analog.com/static/imported-files/data_sheets/ADF4360-7.pdf}}
}

@Misc{ADA4941-1,
title = "{Single-Supply, Differential 18-Bit ADC Driver, ADA4941-1}",
author = "{Analog Devices}",
month = "februar",
year = 2009,
note = "Rev A",
howpublished = {\url{http://www.analog.com/static/imported-files/Data_Sheets/ADA4941-1.pdf}}
}

@Misc{xbee-ds,
title = "{XBee-Pro 868 OEM Datasheet}",
author = "{Digi International}",
month = "november",
year = 2008,
howpublished = {\url{http://ftp1.digi.com/support/documentation/90001020_a.pdf}}
}

